@inproceedings{AbbottEAW16,
  title={Internet Argument Corpus 2.0: An SQL schema for Dialogic Social Media and the Corpora to go with it},
  author={Rob Abbott and Brian Ecker and Pranav Anand and Marilyn A. Walker},
  booktitle={LREC},
  year={2016}
}

@article{BilousK88,
  title = "Dominance and accommodation in the conversational behaviours of same- and mixed-gender dyads",
  journal = "Language \& Communication",
  volume = "8",
  number = "3",
  pages = "183 - 194",
  year = "1988",
  note = "Special Issue Communicative Accomodation: Recent Developments",
  issn = "0271-5309",
  doi = "https://doi.org/10.1016/0271-5309(88)90016-X",
  url = "http://www.sciencedirect.com/science/article/pii/027153098890016X",
  author = "Frances R. Bilous and Robert M. Krauss"
}

@inproceedings{BudzynskaR11,
  title={Speech Acts of Argumentation: Inference Anchors and Peripheral Cues in Dialogue},
  author={Katarzyna Budzynska and Chris Reed},
  booktitle={Computational Models of Natural Argument},
  year={2011}
}

@article{BudzynskaJRS16,
          volume = {7},
          number = {1},
           month = {July},
          author = {Kasia Budzynska and Mathilde Janier and Chris Reed and Patrick Saint-Dizier},
            note = {Thanks to IOS PRESS editor. The definitive version is available at http://www.iospress.nl/journal/argument-computation/. This papers appears in Volume 7 of Journal of Argumentation and Computation ISSN 1946-2166 The original PDF is available at: http://content.iospress.com/articles/argument-and-computation/aac005},
           title = {Theoretical Foundations for Illocutionary Structure Parsing},
       publisher = {IOS Press},
            year = {2016},
         journal = {Journal of Argumentation and Computation},
             doi = {10.3233/AAC-160005},
           pages = {91--108},
        keywords = {Argument mining - Argumentative dialogue - Illocutionary forc - Inference anchoring theory},
             url = {http://oatao.univ-toulouse.fr/17225/},
}

@article{CarpenterGHLGBBGLR17,
   author = {Bob Carpenter and Andrew Gelman and Matthew Hoffman and Daniel Lee and Ben Goodrich and Michael Betancourt and Marcus Brubaker and Jiqiang Guo and Peter Li and Allen Riddell},
   title = {Stan: A Probabilistic Programming Language},
   journal = {Journal of Statistical Software, Articles},
   volume = {76},
   number = {1},
   year = {2017},
   keywords = {probabilistic programming; Bayesian inference; algorithmic differentiation; Stan},
   issn = {1548-7660},
   pages = {1--32},
   doi = {10.18637/jss.v076.i01},
   url = {https://www.jstatsoft.org/v076/i01}
}

@article{Cohen87,
  title={Analyzing the Structure of Argumentative Discourse},
  author={Robin Cohen},
  journal={Computational Linguistics},
  year={1987},
  volume={13},
  pages={11-24}
}

@article{DanescuLPK11,
  author    = {Cristian Danescu{-}Niculescu{-}Mizil and
               Lillian Lee and
               Bo Pang and
               Jon M. Kleinberg},
  title     = {Echoes of power: Language effects and power differences in social
               interaction},
  journal   = {CoRR},
  volume    = {abs/1112.3670},
  year      = {2011},
  url       = {http://arxiv.org/abs/1112.3670},
  archivePrefix = {arXiv},
  eprint    = {1112.3670},
  timestamp = {Mon, 13 Aug 2018 16:48:21 +0200},
  biburl    = {https://dblp.org/rec/bib/journals/corr/abs-1112-3670},
  bibsource = {dblp computer science bibliography, https://dblp.org}
}

@inproceedings{DoyleF16,
    title = "Investigating the Sources of Linguistic Alignment in Conversation",
    author = "Doyle, Gabriel  and
      Frank, Michael C.",
    booktitle = "Proceedings of the 54th Annual Meeting of the Association for Computational Linguistics (Volume 1: Long Papers)",
    month = aug,
    year = "2016",
    address = "Berlin, Germany",
    publisher = "Association for Computational Linguistics",
    url = "https://www.aclweb.org/anthology/P16-1050",
    doi = "10.18653/v1/P16-1050",
    pages = "526--536",
}

@inproceedings{DoyleYF16,
  author = {Doyle, Gabriel and Yurovsky, Dan and Frank, Michael C.},
  title = {A Robust Framework for Estimating Linguistic Alignment in Twitter Conversations},
  booktitle = {Proceedings of the 25th International Conference on World Wide Web},
  series = {WWW '16},
  year = {2016},
  isbn = {978-1-4503-4143-1},
  location = {Montr\&\#233;al, Qu\&\#233;bec, Canada},
  pages = {637--648},
  numpages = {12},
  url = {https://doi.org/10.1145/2872427.2883091},
  doi = {10.1145/2872427.2883091},
  acmid = {2883091},
  publisher = {International World Wide Web Conferences Steering Committee},
  address = {Republic and Canton of Geneva, Switzerland},
  keywords = {communication, conversation, coordination, language, psychology, social media, social networks, social status, twitter},
} 

@inproceedings{DoyleGSF17,
    title = "Alignment at Work: Using Language to Distinguish the Internalization and Self-Regulation Components of Cultural Fit in Organizations",
    author = "Doyle, Gabriel  and
      Goldberg, Amir  and
      Srivastava, Sameer  and
      Frank, Michael",
    booktitle = "Proceedings of the 55th Annual Meeting of the Association for Computational Linguistics (Volume 1: Long Papers)",
    month = jul,
    year = "2017",
    address = "Vancouver, Canada",
    publisher = "Association for Computational Linguistics",
    url = "https://www.aclweb.org/anthology/P17-1056",
    doi = "10.18653/v1/P17-1056",
    pages = "603--612",
}

@article{DuranF17,
    author = {Duran, Nicholas D. AND Fusaroli, Riccardo},
    journal = {PLOS ONE},
    publisher = {Public Library of Science},
    title = {Conversing with a devil’s advocate: Interpersonal coordination in deception and disagreement},
    year = {2017},
    month = {06},
    volume = {12},
    url = {https://doi.org/10.1371/journal.pone.0178140},
    pages = {1-25},
    number = {6},
    doi = {10.1371/journal.pone.0178140}
}

@article{FusaroliBORRFT12,
  author = {Riccardo Fusaroli and Bahador Bahrami and Karsten Olsen and Andreas Roepstorff and Geraint Rees and Chris Frith and Kristian Tylén},
  title ={Coming to Terms: Quantifying the Benefits of Linguistic Coordination},
  journal = {Psychological Science},
  volume = {23},
  number = {8},
  pages = {931-939},
  year = {2012},
  doi = {10.1177/0956797612436816},
  note ={PMID: 22810169},
  URL = {https://doi.org/10.1177/0956797612436816},
  eprint = {https://doi.org/10.1177/0956797612436816},
}

@inproceedings{FusaroliRT13,
  title={Dialog as interpersonal synergy},
  author={Riccardo Fusaroli and Joanna Raczaszek-Leonardi and Kristian Tyl{\'e}n},
  year={2013}
}

@inbook{GilesCC91, place={Cambridge}, series={Studies in Emotion and Social Interaction}, title={Accommodation theory: Communication, context, and consequence}, DOI={10.1017/CBO9780511663673.001}, booktitle={Contexts of Accommodation: Developments in Applied Sociolinguistics}, publisher={Cambridge University Press}, author={Giles, Howard and Coupland, Nikolas and Coupland, Justine}, editor={Giles, Howard and Coupland, Justine and Coupland, NikolasEditors}, year={1991}, pages={1–68}, collection={Studies in Emotion and Social Interaction}}

@article{Gnisci05,
  title={Sequential strategies of accommodation: a new method in courtroom.},
  author={Augusto Gnisci},
  journal={The British journal of social psychology},
  year={2005},
  volume={44 Pt 4},
  pages={621-43},
}

@article{IrelandSESFP,
  author = {Molly E. Ireland and Richard B. Slatcher and Paul W. Eastwick and Lauren E. Scissors and Eli J. Finkel and James W. Pennebaker},
  title ={Language Style Matching Predicts Relationship Initiation and Stability},
  journal = {Psychological Science},
  volume = {22},
  number = {1},
  pages = {39-44},
  year = {2011},
  doi = {10.1177/0956797610392928},
  note ={PMID: 21149854},
  URL = {https://doi.org/10.1177/0956797610392928},
  eprint = {https://doi.org/10.1177/0956797610392928},
}

@article{KacewiczPDJG14,
  author = {Ewa Kacewicz and James W. Pennebaker and Matthew Davis and Moongee Jeon and Arthur C. Graesser},
  title ={Pronoun Use Reflects Standings in Social Hierarchies},
  journal = {Journal of Language and Social Psychology},
  volume = {33},
  number = {2},
  pages = {125-143},
  year = {2014},
  doi = {10.1177/0261927X13502654},
  URL = {https://doi.org/10.1177/0261927X13502654},
  eprint = {https://doi.org/10.1177/0261927X13502654},
}

@article{Natale75,
  author = {Natale, Michael},
  year = {1975},
  month = {11},
  pages = {790-804},
  title = {Convergence of mean vocal intensity in dyadic communication as a function of social desirability},
  volume = {32},
  journal = {Journal of Personality and Social Psychology},
  doi = {10.1037/0022-3514.32.5.790}
}

@article{NiederhofferP02,
  author = {Kate G. Niederhoffer and James W. Pennebaker},
  title ={Linguistic Style Matching in Social Interaction},
  journal = {Journal of Language and Social Psychology},
  volume = {21},
  number = {4},
  pages = {337-360},
  year = {2002},
  doi = {10.1177/026192702237953},
  URL = {https://doi.org/10.1177/026192702237953},
  eprint = {https://doi.org/10.1177/026192702237953},
}

@inproceedings{NobleF15,
    title = "Centre Stage: How Social Network Position Shapes Linguistic Coordination",
    author = "Noble, Bill  and
      Fernandez, Raquel",
    booktitle = "Proceedings of the 6th Workshop on Cognitive Modeling and Computational Linguistics",
    month = jun,
    year = "2015",
    address = "Denver, Colorado",
    publisher = "Association for Computational Linguistics",
    url = "https://www.aclweb.org/anthology/W15-1104",
    doi = "10.3115/v1/W15-1104",
    pages = "29--38",
}

@article{PaxtonD13,
author = {Paxton, Alexandra and Dale, Rick},
year = {2013},
month = {11},
pages = {2092-102},
title = {Argument disrupts interpersonal alignment},
volume = {66},
journal = {Quarterly journal of experimental psychology (2006)},
doi = {10.1080/17470218.2013.853089}
}

@article{Pedregosa11,
 title={Scikit-learn: Machine Learning in {P}ython},
 author={Pedregosa, F. and Varoquaux, G. and Gramfort, A. and Michel, V.
         and Thirion, B. and Grisel, O. and Blondel, M. and Prettenhofer, P.
         and Weiss, R. and Dubourg, V. and Vanderplas, J. and Passos, A. and
         Cournapeau, D. and Brucher, M. and Perrot, M. and Duchesnay, E.},
 journal={Journal of Machine Learning Research},
 volume={12},
 pages={2825--2830},
 year={2011}
}

@article{PennebakerK00,
author = {Pennebaker, James and King, Laura},
year = {2000},
month = {01},
pages = {1296-312},
title = {Linguistic styles: Language use as an individual difference},
volume = {77},
journal = {Journal of personality and social psychology},
doi = {10.1037//0022-3514.77.6.1296}
}

@article{PennebakerMN03,
author = {Pennebaker, James W. and Mehl, Matthias R. and Niederhoffer, Kate G.},
title = {Psychological Aspects of Natural Language Use: Our Words, Our Selves},
journal = {Annual Review of Psychology},
volume = {54},
number = {1},
pages = {547-577},
year = {2003},
doi = {10.1146/annurev.psych.54.101601.145041},
    note ={PMID: 12185209},

URL = { 
        https://doi.org/10.1146/annurev.psych.54.101601.145041
    
},
eprint = { 
        https://doi.org/10.1146/annurev.psych.54.101601.145041
    
}
,
}

@article{PennebakerBJB15,
  author = {Pennebaker, James and Boyd, Ryan and Jordan, Kayla and Blackburn, Kate},
  year = {2015},
  month = {09},
  title = {The Development and Psychometric Properties of LIWC2015},
  doi = {10.15781/T29G6Z}
}

@inproceedings{PenningtonSM14,
  author = {Jeffrey Pennington and Richard Socher and Christopher D. Manning},
  booktitle = {Empirical Methods in Natural Language Processing (EMNLP)},
  title = {GloVe: Global Vectors for Word Representation},
  year = {2014},
  pages = {1532--1543},
  url = {http://www.aclweb.org/anthology/D14-1162},
}

@inproceedings{RosenthalM15,
  title={I Couldn't Agree More: The Role of Conversational Structure in Agreement and Disagreement Detection in Online Discussions},
  author={Sara Rosenthal and Kathy McKeown},
  booktitle={SIGDIAL Conference},
  year={2015}
}

@inproceedings{ShinD18,
    title = "Alignment, Acceptance, and Rejection of Group Identities in Online Political Discourse",
    author = "Shin, Hagyeong  and
      Doyle, Gabriel",
    booktitle = "Proceedings of the 2018 Conference of the North {A}merican Chapter of the Association for Computational Linguistics: Student Research Workshop",
    month = jun,
    year = "2018",
    address = "New Orleans, Louisiana, USA",
    publisher = "Association for Computational Linguistics",
    url = "https://www.aclweb.org/anthology/N18-4001",
    doi = "10.18653/v1/N18-4001",
    pages = "1--8",
}

@article{SrivastavaGMP18,
  author = {Srivastava, Sameer B. and Goldberg, Amir and Manian, V. Govind and Potts, Christopher},
  title = {Enculturation Trajectories: Language, Cultural Adaptation, and Individual Outcomes in Organizations},
  journal = {Management Science},
  volume = {64},
  number = {3},
  pages = {1348-1364},
  year = {2018},
  doi = {10.1287/mnsc.2016.2671},
  URL = {https://doi.org/10.1287/mnsc.2016.2671},
  eprint = {https://doi.org/10.1287/mnsc.2016.2671},
}

@article{Stede13,
  author = {Stede, Manfred},
  year = {2013},
  month = {01},
  pages = {1-31},
  title = {From Argument Diagrams to Argumentation Mining in Texts:},
  volume = {7},
  journal = {International Journal of Cognitive Informatics and Natural Intelligence},
  doi = {10.4018/jcini.2013010101}
}

@article{vanBaarenHSK03,
  author = {{\VAN{Van}{van}{van}} Baaren, Rick and Holland, Rob and Steenaert, Bregje and Knippenberg, Ad},
  year = {2003},
  month = {07},
  pages = {393-398},
  title = {Mimicry for money: Behavioral consequences of imitation},
  volume = {39},
  journal = {Journal of Experimental Social Psychology},
  doi = {10.1016/S0022-1031(03)00014-3}
}

@Article{VisserKDKBR19,
  author="Visser, Jacky
  and Konat, Barbara
  and Duthie, Rory
  and Koszowy, Marcin
  and Budzynska, Katarzyna
  and Reed, Chris",
  title="Argumentation in the 2016 US presidential elections: annotated corpora of television debates and social media reaction",
  journal="Language Resources and Evaluation",
  year="2019",
  month="Feb",
  day="09",
  issn="1574-0218",
  doi="10.1007/s10579-019-09446-8",
  url="https://doi.org/10.1007/s10579-019-09446-8"
}

@article{WillemynsGCP97,
  author = {Michael Willemyns and Cynthia Gallois and Victor J. Callan and Jeffery Pittam},
  title ={Accent Accommodation in the Job Interview: Impact of Interviewer Accent and Gender},
  journal = {Journal of Language and Social Psychology},
  volume = {16},
  number = {1},
  pages = {3-22},
  year = {1997},
  doi = {10.1177/0261927X970161001},
  URL = {https://doi.org/10.1177/0261927X970161001},
  eprint = {https://doi.org/10.1177/0261927X970161001},
}

@inproceedings{YurovskyDF16,
  title={Linguistic input is tuned to children's developmental level},
  author={Daniel Yurovsky and Gabriel Doyle and Michael C. Frank},
  booktitle={CogSci},
  year={2016}
}

@article{Yurovsky17,
  author = {Yurovsky, Daniel},
  year = {2017},
  month = {09},
  title = {A communicative approach to early word learning},
  volume = {50},
  journal = {New Ideas in Psychology},
  doi = {10.1016/j.newideapsych.2017.09.001}
}
